<record><leader>00000cas a2200000 i 4500</leader><controlfield tag="001">664611324</controlfield><controlfield tag="006">m     o  d        </controlfield><controlfield tag="007">cr |n|||||||||</controlfield><controlfield tag="008">100308d196919uuohuer neo     0    0eng c</controlfield><datafield ind1=" " ind2=" " tag="010"><subfield code="a">  2013254320</subfield></datafield><datafield ind1=" " ind2=" " tag="040"><subfield code="a">HTM</subfield><subfield code="b">eng</subfield><subfield code="e">rda</subfield><subfield code="c">HTM</subfield><subfield code="d">OCLCQ</subfield><subfield code="d">AANWS</subfield><subfield code="d">CUS</subfield><subfield code="d">OCLCA</subfield><subfield code="d">OCLCF</subfield><subfield code="d">OCLCO</subfield><subfield code="d">CRL</subfield><subfield code="d">OCLCO</subfield></datafield><datafield ind1=" " ind2=" " tag="042"><subfield code="a">pcc</subfield></datafield><datafield ind1=" " ind2=" " tag="043"><subfield code="a">n-us-oh</subfield></datafield><datafield ind1="1" ind2="4" tag="050"><subfield code="a">HQ1402</subfield></datafield><datafield ind1="0" ind2=" " tag="130"><subfield code="a">Minority report (Dayton, Ohio)</subfield></datafield><datafield ind1="1" ind2="4" tag="245"><subfield code="a">The minority report.</subfield></datafield><datafield ind1=" " ind2="1" tag="264"><subfield code="a">Dayton, Ohio :</subfield><subfield code="b">Earl Butler,</subfield><subfield code="c">1969-</subfield></datafield><datafield ind1=" " ind2=" " tag="300"><subfield code="a">1 online resource</subfield></datafield><datafield ind1=" " ind2=" " tag="310"><subfield code="a">Biweekly</subfield></datafield><datafield ind1=" " ind2=" " tag="336"><subfield code="a">text</subfield><subfield code="b">txt</subfield><subfield code="2">rdacontent</subfield></datafield><datafield ind1=" " ind2=" " tag="337"><subfield code="a">computer</subfield><subfield code="b">c</subfield><subfield code="2">rdamedia</subfield></datafield><datafield ind1=" " ind2=" " tag="338"><subfield code="a">online resource</subfield><subfield code="b">cr</subfield><subfield code="2">rdacarrier</subfield></datafield><datafield ind1="1" ind2=" " tag="362"><subfield code="a">Began with Vol. 1, no. 1 (January, 1969).</subfield></datafield><datafield ind1=" " ind2=" " tag="530"><subfield code="a">Also issued on microfilm from UMI (Underground Newspaper/Press Collection).</subfield></datafield><datafield ind1=" " ind2=" " tag="588"><subfield code="a">Description based on: Vol. 1, no. 1 (January, 1969); title from PDF masthead (Readex America's Historical Newspapers Web site, viewed May 22, 2013).</subfield></datafield><datafield ind1=" " ind2=" " tag="588"><subfield code="a">Latest issue consulted: Volume 1, number 13 (December 18, 1970) (viewed May 22, 2013).</subfield></datafield><datafield ind1=" " ind2="0" tag="650"><subfield code="a">Women's rights</subfield><subfield code="z">United States</subfield><subfield code="v">Newspapers.</subfield></datafield><datafield ind1=" " ind2="0" tag="650"><subfield code="a">Feminism</subfield><subfield code="v">Newspapers.</subfield></datafield><datafield ind1=" " ind2="0" tag="650"><subfield code="a">African Americans</subfield><subfield code="z">Ohio</subfield><subfield code="z">Dayton</subfield><subfield code="v">Newspapers.</subfield></datafield><datafield ind1=" " ind2="0" tag="650"><subfield code="a">Underground press publications</subfield><subfield code="z">Ohio</subfield><subfield code="z">Dayton.</subfield></datafield><datafield ind1=" " ind2="0" tag="651"><subfield code="a">Dayton (Ohio)</subfield><subfield code="v">Newspapers.</subfield></datafield><datafield ind1=" " ind2="0" tag="651"><subfield code="a">Montgomery County (Ohio)</subfield><subfield code="v">Newspapers.</subfield></datafield><datafield ind1=" " ind2="0" tag="650"><subfield code="a">African American newspapers</subfield><subfield code="z">Ohio</subfield><subfield code="z">Dayton.</subfield></datafield><datafield ind1=" " ind2="7" tag="650"><subfield code="a">African American newspapers.</subfield><subfield code="2">fast</subfield><subfield code="0">(OCoLC)fst00799278</subfield></datafield><datafield ind1=" " ind2="7" tag="650"><subfield code="a">African Americans.</subfield><subfield code="2">fast</subfield><subfield code="0">(OCoLC)fst00799558</subfield></datafield><datafield ind1=" " ind2="7" tag="650"><subfield code="a">Feminism.</subfield><subfield code="2">fast</subfield><subfield code="0">(OCoLC)fst00922671</subfield></datafield><datafield ind1=" " ind2="7" tag="650"><subfield code="a">Underground press publications.</subfield><subfield code="2">fast</subfield><subfield code="0">(OCoLC)fst01160984</subfield></datafield><datafield ind1=" " ind2="7" tag="650"><subfield code="a">Women's rights.</subfield><subfield code="2">fast</subfield><subfield code="0">(OCoLC)fst01178818</subfield></datafield><datafield ind1=" " ind2="7" tag="651"><subfield code="a">Ohio</subfield><subfield code="z">Dayton.</subfield><subfield code="2">fast</subfield><subfield code="0">(OCoLC)fst01204702</subfield></datafield><datafield ind1=" " ind2="7" tag="651"><subfield code="a">Ohio</subfield><subfield code="z">Montgomery County.</subfield><subfield code="2">fast</subfield><subfield code="0">(OCoLC)fst01211918</subfield></datafield><datafield ind1=" " ind2="7" tag="651"><subfield code="a">United States.</subfield><subfield code="2">fast</subfield><subfield code="0">(OCoLC)fst01204155</subfield></datafield><datafield ind1=" " ind2="7" tag="655"><subfield code="a">Newspapers.</subfield><subfield code="2">fast</subfield><subfield code="0">(OCoLC)fst01423814</subfield></datafield><datafield ind1=" " ind2=" " tag="752"><subfield code="a">United States</subfield><subfield code="b">Ohio</subfield><subfield code="c">Montgomery</subfield><subfield code="d">Dayton.</subfield></datafield><datafield ind1="0" ind2="8" tag="776"><subfield code="i">Print version:</subfield><subfield code="t">Minority report (Dayton, Ohio)</subfield><subfield code="w">(DLC)sn 88077195</subfield><subfield code="w">(OCoLC)17538380</subfield></datafield><datafield ind1="0" ind2="8" tag="776"><subfield code="i">Microfilm version:</subfield><subfield code="t">Minority report (Dayton, Ohio)</subfield><subfield code="w">(OCoLC)232156806</subfield></datafield><datafield ind1="4" ind2="0" tag="856"><subfield code="3">Center for Research Libraries: v.1, no.1-v.2, no.1 (Jan 1969-Apr 1970)</subfield><subfield code="u">https://dds.crl.edu/crldelivery/24987</subfield><subfield code="z">Center for Research Libraries: v.1, no.1-v.2, no.1 (Jan 1969-Apr 1970)</subfield></datafield><datafield ind1="4" ind2="0" tag="856"><subfield code="u">http://infoweb.newsbank.com/?db=EANX&amp;s_browseRef=decades/12A7ECD8048E2975/all.xml</subfield></datafield></record>